<record><leader>00000cas a2200000 a 4500</leader><controlfield tag="001">40296978</controlfield><controlfield tag="008">981112c19989999njuwr ne      0    0eng c</controlfield><datafield ind1=" " ind2=" " tag="010"><subfield code="a">  2004223402</subfield></datafield><datafield ind1=" " ind2=" " tag="040"><subfield code="a">NWM</subfield><subfield code="b">eng</subfield><subfield code="c">NWM</subfield><subfield code="d">CLU</subfield><subfield code="d">CUS</subfield><subfield code="d">OCLCQ</subfield><subfield code="d">OCLCF</subfield></datafield><datafield ind1="1" ind2=" " tag="029"><subfield code="a">AU@</subfield><subfield code="b">000026372689</subfield></datafield><datafield ind1=" " ind2=" " tag="042"><subfield code="a">pcc</subfield></datafield><datafield ind1=" " ind2=" " tag="043"><subfield code="a">n-us-nj</subfield></datafield><datafield ind1="1" ind2="4" tag="050"><subfield code="a">AP92</subfield></datafield><datafield ind1="0" ind2=" " tag="130"><subfield code="a">New Jersey Jewish news (MetroWest)</subfield></datafield><datafield ind1="1" ind2="0" tag="245"><subfield code="a">New Jersey Jewish news.</subfield></datafield><datafield ind1="3" ind2="0" tag="246"><subfield code="a">Jewish news</subfield></datafield><datafield ind1="1" ind2="7" tag="246"><subfield code="a">NJJN--MetroWest</subfield></datafield><datafield ind1=" " ind2=" " tag="260"><subfield code="a">Whippany, NJ :</subfield><subfield code="b">Jewish Times</subfield></datafield><datafield ind1=" " ind2=" " tag="300"><subfield code="a">v. ;</subfield><subfield code="c">30 cm.</subfield></datafield><datafield ind1=" " ind2=" " tag="310"><subfield code="a">Weekly</subfield></datafield><datafield ind1="1" ind2=" " tag="362"><subfield code="a">Began in 1998?</subfield></datafield><datafield ind1=" " ind2=" " tag="550"><subfield code="a">Published for: United Jewish Communities of MetroWest New Jersey.</subfield></datafield><datafield ind1=" " ind2=" " tag="588"><subfield code="a">Description based on: Vol. 58, no. 41 (Oct. 7, 2004).</subfield></datafield><datafield ind1=" " ind2=" " tag="588"><subfield code="a">Latest issue consulted: Vol. 58, no. 42 (Oct. 14, 2004).</subfield></datafield><datafield ind1=" " ind2="0" tag="650"><subfield code="a">Jewish newspapers</subfield><subfield code="z">New Jersey.</subfield></datafield><datafield ind1=" " ind2="7" tag="650"><subfield code="a">Jewish newspapers.</subfield><subfield code="2">fast</subfield><subfield code="0">(OCoLC)fst00982872</subfield></datafield><datafield ind1=" " ind2="7" tag="651"><subfield code="a">New Jersey.</subfield><subfield code="2">fast</subfield><subfield code="0">(OCoLC)fst01208379</subfield></datafield><datafield ind1="2" ind2=" " tag="710"><subfield code="a">United Jewish Communities of MetroWest New Jersey.</subfield></datafield><datafield ind1=" " ind2=" " tag="752"><subfield code="a">United States</subfield><subfield code="b">New Jersey</subfield><subfield code="c">Morris</subfield><subfield code="d">Whippany.</subfield></datafield><datafield ind1="0" ind2="8" tag="776"><subfield code="i">Online version:</subfield><subfield code="t">New Jersey Jewish news (Online)</subfield><subfield code="w">(OCoLC)42820976</subfield></datafield><datafield ind1="0" ind2="0" tag="780"><subfield code="t">MetroWest Jewish news</subfield><subfield code="w">(DLC)sn 93062817</subfield><subfield code="w">(OCoLC)27294342</subfield></datafield><datafield ind1="4" ind2="1" tag="856"><subfield code="u">http://bibpurl.oclc.org/web/8859</subfield><subfield code="u">http://www.njjewishnews.com/njjn.com/mwmain.html</subfield></datafield></record>